@book{livro_bussab_morettin,
    address = {São Paulo},
    publisher = {Saraiva},
    author = {Wilton O. Bussab and Pedro A. Morettin},
    edition = {8},
    year = {2013},
    title = {Estatística Básica}
}

@book{book_key,
	address = {City},
	publisher = {Publisher},
	author = {Smith, John},
	title = {Book title},
	year = {2012},
	volume = {3},
	series = {2},
	edition = {1},
	pages = {123--200},
	month = {January}
}

@article{article_key,
	address = {City},
	publisher = {Publisher},
	author = {Smith, James},
	title = {Article title},
	year = {2013},
	volume = {14},
	number = {6},
	pages = {1--8},
	month = {March}
}